
@article{park2009simple,
	title={A simple adaptive control approach for trajectory tracking of electrically driven nonholonomic mobile robots},
	author={Park, Bong Seok and Yoo, Sung Jin and Park, Jin Bae and Choi, Yoon Ho},
	journal={IEEE Transactions on Control Systems Technology},
	volume={18},
	number={5},
	pages={1199--1206},
	year={2009},
	publisher={IEEE}
}

@article{cheein2015intelligent,
	title={Intelligent sampling technique for path tracking controllers},
	author={Cheein, Fernando Auat},
	journal={IEEE Transactions on Control Systems Technology},
	volume={24},
	number={2},
	pages={747--755},
	year={2015},
	publisher={IEEE}
}

@article{shojaei2015neural,
	title={Neural adaptive robust output feedback control of wheeled mobile robots with saturating actuators},
	author={Shojaei, Khoshnam},
	journal={International Journal of Adaptive Control and Signal Processing},
	volume={29},
	number={7},
	pages={855--876},
	year={2015},
	publisher={Wiley Online Library}
}

@article{do2004simultaneous,
	title={Simultaneous tracking and stabilization of mobile robots: an adaptive approach},
	author={Do, Khac Duc and Jiang, Zhong-Ping and Pan, Jie},
	journal={IEEE Transactions on Automatic Control},
	volume={49},
	number={7},
	pages={1147--1151},
	year={2004},
	publisher={IEEE}
}

@article{das2006design,
	title={Design and implementation of an adaptive fuzzy logic-based controller for wheeled mobile robots},
	author={Das, Tamoghna and Kar, Indra Narayan},
	journal={IEEE Transactions on Control Systems Technology},
	volume={14},
	number={3},
	pages={501--510},
	year={2006},
	publisher={IEEE}
}
